@inproceedings{caselitz2016monocular,
  title={Monocular camera localization in 3d lidar maps},
  author={Caselitz, Tim and Steder, Bastian and Ruhnke, Michael and Burgard, Wolfram},
  booktitle={2016 IEEE/RSJ International Conference on Intelligent Robots and Systems (IROS)},
  pages={1926--1931},
  year={2016},
  organization={IEEE}
}

@inproceedings{kimstereo,
  title={Stereo camera localization in 3D lidar maps. In 2018 IEEE},
  author={Kim, Youngji and Jeong, Jinyong and Kim, Ayoung},
  booktitle={RSJ International Conference on Intelligent Robots and Systems (IROS)},
  pages={1--9}
}

@inproceedings{zhang2023cross,
  title={Cross-modal monocular localization in prior lidar maps utilizing semantic consistency},
  author={Zhang, Chi and Zhao, Hengwang and Wang, Chunxiang and Tang, Xuanlai and Yang, Ming},
  booktitle={2023 IEEE International Conference on Robotics and Automation (ICRA)},
  pages={4004--4010},
  year={2023},
  organization={IEEE}
}

@article{carmichael2024spot,
  title={SPOT: Point Cloud Based Stereo Visual Place Recognition for Similar and Opposing Viewpoints},
  author={Carmichael, Spencer and Agrawal, Rahul and Vasudevan, Ram and Skinner, Katherine A},
  journal={arXiv preprint arXiv:2404.12339},
  year={2024}
}
@inproceedings{puligilla2024liploc,
  title={LIP-Loc: LiDAR Image Pretraining for Cross-Modal Localization},
  author={Puligilla, Sai Shubodh and Omama, Mohammad and Zaidi, Husain and Parihar, Udit Singh and Krishna, Madhava},
  booktitle={2024 IEEE/CVF Winter Conference on Applications of Computer Vision Workshops (WACVW)},
  pages={939--948},
  year={2024},
  organization={IEEE}
}

@article{chen2022i2d,
  title={I2D-Loc: Camera localization via image to lidar depth flow},
  author={Chen, Kuangyi and Yu, Huai and Yang, Wen and Yu, Lei and Scherer, Sebastian and Xia, Gui-Song},
  journal={ISPRS Journal of Photogrammetry and Remote Sensing},
  volume={194},
  pages={209--221},
  year={2022},
  publisher={Elsevier}
}

@inproceedings{he2024accurate,
  title={Accurate Prior-centric Monocular Positioning with Offline LiDAR Fusion},
  author={He, Jinhao and Huang, Huaiyang and Zhang, Shuyang and Jiao, Jianhao and Liu, Chengju and Liu, Ming},
  booktitle={2024 IEEE International Conference on Robotics and Automation (ICRA)},
  pages={11934--11940},
  year={2024},
  organization={IEEE}
}

@inproceedings{cattaneo2020global,
  title={Global visual localization in lidar-maps through shared 2d-3d embedding space},
  author={Cattaneo, Daniele and Vaghi, Matteo and Fontana, Simone and Ballardini, Augusto Luis and Sorrenti, Domenico G},
  booktitle={2020 IEEE International Conference on Robotics and Automation (ICRA)},
  pages={4365--4371},
  year={2020},
  organization={IEEE}
}

@inproceedings{bai2024colmap,
  title={Colmap-pcd: An open-source tool for fine image-to-point cloud registration},
  author={Bai, Chunge and Fu, Ruijie and Gao, Xiang},
  booktitle={2024 IEEE International Conference on Robotics and Automation (ICRA)},
  pages={1723--1729},
  year={2024},
  organization={IEEE}
}

@inproceedings{sarlin2018leveraging,
  title={Leveraging deep visual descriptors for hierarchical efficient localization},
  author={Sarlin, Paul-Edouard and Debraine, Fr{\'e}d{\'e}ric and Dymczyk, Marcin and Siegwart, Roland and Cadena, Cesar},
  booktitle={Conference on Robot Learning},
  pages={456--465},
  year={2018},
  organization={PMLR}
}

@inproceedings{wang2021p2net,
  title={P2-net: Joint description and detection of local features for pixel and point matching},
  author={Wang, Bing and Chen, Changhao and Cui, Zhaopeng and Qin, Jie and Lu, Chris Xiaoxuan and Yu, Zhengdi and Zhao, Peijun and Dong, Zhen and Zhu, Fan and Trigoni, Niki and others},
  booktitle={Proceedings of the IEEE/CVF International Conference on Computer Vision},
  pages={16004--16013},
  year={2021}
}

@inproceedings{zheng2022fast,
  title={Fast-livo: Fast and tightly-coupled sparse-direct lidar-inertial-visual odometry},
  author={Zheng, Chunran and Zhu, Qingyan and Xu, Wei and Liu, Xiyuan and Guo, Qizhi and Zhang, Fu},
  booktitle={2022 IEEE/RSJ international conference on intelligent robots and systems (IROS)},
  pages={4003--4009},
  year={2022},
  organization={IEEE}
}

@inproceedings{lin2022r3live,
  title={R 3 LIVE: A Robust, Real-time, RGB-colored, LiDAR-Inertial-Visual tightly-coupled state Estimation and mapping package},
  author={Lin, Jiarong and Zhang, Fu},
  booktitle={2022 International Conference on Robotics and Automation (ICRA)},
  pages={10672--10678},
  year={2022},
  organization={IEEE}
}

@inproceedings{arandjelovic2016netvlad,
  title={NetVLAD: CNN architecture for weakly supervised place recognition},
  author={Arandjelovic, Relja and Gronat, Petr and Torii, Akihiko and Pajdla, Tomas and Sivic, Josef},
  booktitle={Proceedings of the IEEE Conference on Computer Vision and Pattern Recognition},
  pages={5297--5307},
  year={2016}
}

@inproceedings{huang2019metric,
  title={Metric monocular localization using signed distance fields},
  author={Huang, Huaiyang and Sun, Yuxiang and Ye, Haoyang and Liu, Ming},
  booktitle={2019 IEEE/RSJ International Conference on Intelligent Robots and Systems (IROS)},
  pages={1195--1201},
  year={2019},
  organization={IEEE}
}

@inproceedings{hausler2021patch,
  title={Patch-netvlad: Multi-scale fusion of locally-global descriptors for place recognition},
  author={Hausler, Stephen and Garg, Sourav and Xu, Ming and Milford, Michael and Fischer, Tobias},
  booktitle={Proceedings of the IEEE/CVF Conference on Computer Vision and Pattern Recognition},
  pages={14141--14152},
  year={2021}
}

@article{cui2022bow3d,
  title={Bow3d: Bag of words for real-time loop closing in 3d lidar slam},
  author={Cui, Yunge and Chen, Xieyuanli and Zhang, Yinlong and Dong, Jiahua and Wu, Qingxiao and Zhu, Feng},
  journal={IEEE Robotics and Automation Letters},
  volume={8},
  number={5},
  pages={2828--2835},
  year={2022},
  publisher={IEEE}
}

@inproceedings{sarlin2018leveraging,
  title={Leveraging deep visual descriptors for hierarchical efficient localization},
  author={Sarlin, Paul-Edouard and Debraine, Fr{\'e}d{\'e}ric and Dymczyk, Marcin and Siegwart, Roland and Cadena, Cesar},
  booktitle={Conference on Robot Learning},
  pages={456--465},
  year={2018},
  organization={PMLR}
}
@inproceedings{cattaneo2020global,
  title={Global visual localization in LiDAR-maps through shared 2D-3D embedding space},
  author={Cattaneo, Daniele and Vaghi, Matteo and Fontana, Simone and Ballardini, Augusto Luis and Sorrenti, Domenico G},
  booktitle={2020 IEEE International Conference on Robotics and Automation (ICRA)},
  pages={4365--4371},
  year={2020},
  organization={IEEE}
}

@inproceedings{pan2024qtcross,
  title={2D-3D Cross-Modality Network for End-to-End Localization with Probabilistic Supervision},
  author={Pan, Jin and Mu, Xiangru and Qin, Tong and Xu, Chunjing and Yang, Ming},
  booktitle={2024 IEEE Intelligent Vehicles Symposium (IV)},
  pages={906--912},
  year={2024},
  organization={IEEE}
}

@ARTICLE{GalvezTRO12DBOW,
  author={G\'alvez-L\'opez, Dorian and Tard\'os, J. D.},
  journal={IEEE Transactions on Robotics},
  title={Bags of Binary Words for Fast Place Recognition in Image Sequences},
  year={2012},
  month={October},
  volume={28},
  number={5},
  pages={1188--1197},
  doi={10.1109/TRO.2012.2197158},
  ISSN={1552-3098}
}

@misc{qin2019aVINSFUSION,
  Author = {Tong Qin and Jie Pan and Shaozu Cao and Shaojie Shen},
  Title = {A General Optimization-based Framework for Local Odometry Estimation with Multiple Sensors},
  Year = {2019},
  Eprint = {arXiv:1901.03638}
}

@article{xu2022fast,
  title={Fast-lio2: Fast direct lidar-inertial odometry},
  author={Xu, Wei and Cai, Yixi and He, Dongjiao and Lin, Jiarong and Zhang, Fu},
  journal={IEEE Transactions on Robotics},
  volume={38},
  number={4},
  pages={2053--2073},
  year={2022},
  publisher={IEEE}
}

@inproceedings{sarlin2020superglue,
  title={Superglue: Learning feature matching with graph neural networks},
  author={Sarlin, Paul-Edouard and DeTone, Daniel and Malisiewicz, Tomasz and Rabinovich, Andrew},
  booktitle={Proceedings of the IEEE/CVF conference on computer vision and pattern recognition},
  pages={4938--4947},
  year={2020}
}
@inproceedings{detone2018superpoint,
  title={Superpoint: Self-supervised interest point detection and description},
  author={DeTone, Daniel and Malisiewicz, Tomasz and Rabinovich, Andrew},
  booktitle={Proceedings of the IEEE conference on computer vision and pattern recognition workshops},
  pages={224--236},
  year={2018}
}